@article{paper1,
  title = {Tracing the phase boundaries of hard spherocylinders},
  author = {Bolhuis, Peter and Frenkel, Daan},
  journal = {The Journal of Chemical Physics},
  volume = {106},
  issue = {2},
  year = {1997},
  doi = {10.1063/1.473404},
}

@article{paper2,
  title = {A fast algorithm to evaluate the shortest distance between rods},
  author = {Vega, Carlos and Lago, Santiago},
  journal = {Computers and Chemistry},
  volume = {18},
  issue = {1},
  year = {1994},
  doi = {10.1016/0097-8485(94)80023-5},
}
